@misc{dedieu2019learning,
    title={Learning higher-order sequential structure with cloned HMMs},
    author={Antoine Dedieu and Nishad Gothoskar and Scott Swingle and Wolfgang Lehrach and Miguel Lázaro-Gredilla and Dileep George},
    year={2019},
    eprint={1905.00507},
    archivePrefix={arXiv},
    primaryClass={stat.ML}
} 

@inproceedings{nepal2014fhmm,
  author    = {Anjan Nepal and
               Alexander Yates},
  editor    = {Yoshua Bengio and
               Yann LeCun},
  title     = {Factorial Hidden Markov Models for Learning Representations of Natural
               Language},
  booktitle = {2nd International Conference on Learning Representations, {ICLR} 2014,
               Banff, AB, Canada, April 14-16, 2014, Workshop Track Proceedings},
  year      = {2014},
  url       = {http://arxiv.org/abs/1312.6168},
  timestamp = {Thu, 25 Jul 2019 14:36:45 +0200},
  biburl    = {https://dblp.org/rec/journals/corr/NepalY13.bib},
  bibsource = {dblp computer science bibliography, https://dblp.org}
}

@article{ghahramani1997fhmm,
author = {Ghahramani, Zoubin and Jordan, Michael I.},
title = {Factorial Hidden Markov Models},
year = {1997},
issue_date = {November 1997},
publisher = {Kluwer Academic Publishers},
address = {USA},
volume = {29},
number = {2–3},
issn = {0885-6125},
url = {https://doi.org/10.1023/A:1007425814087},
doi = {10.1023/A:1007425814087},
journal = {Mach. Learn.},
month = nov,
pages = {245–273},
numpages = {29},
keywords = {EM algorithm, mean field theory, Hidden Markov models, Bayesian networks, time series, graphical models}
}

@article{brown1992,
author = {Brown, Peter F. and deSouza, Peter V. and Mercer, Robert L. and Pietra, Vincent J. Della and Lai, Jenifer C.},
title = {Class-Based n-Gram Models of Natural Language},
year = {1992},
issue_date = {December 1992},
publisher = {MIT Press},
address = {Cambridge, MA, USA},
volume = {18},
number = {4},
issn = {0891-2017},
journal = {Comput. Linguist.},
month = dec,
pages = {467–479},
numpages = {13}
}


